@misc{cscs_website,
    title = {CSCS official website},
    howpublished = "\url{https://www.cscs.ch/}"
}
